@software{MathSymbolsinLaTeXbypolossk,
  title     = {Math Symbols in {{\LaTeX}}},
  author    = {Shangkun Shen},
  year      = {2017},
  month     = {10},
  publisher = {Zenodo},
  doi       = {10.5281/zenodo.4120375},
  url       = {https://doi.org/10.5281/zenodo.4120375}
}

@book{Briggs2000A,
  title     = {A multigrid tutorial (2nd ed.)},
  author    = {Briggs, William L. and Henson, Van Emden and Mccormick, Steve F.},
  publisher = {Society for Industrial and Applied Mathematics,},
  year      = {2000}
}

@article{Oh2005A,
  title   = {A general framework for nonlinear multigrid inversion},
  author  = {Oh, Seungseok and Milstein, A. B. and Bouman, C. A. and Webb, K. J.},
  journal = {IEEE Transactions on Image Processing A Publication of the IEEE Signal Processing Society},
  volume  = {14},
  number  = {1},
  pages   = {125-40},
  year    = {2005}
}

@article{Brandt2003Multigrid,
  title   = {Multigrid solvers and multilevel optimization strategies},
  author  = {Brandt, Achi and Ron, Dorit},
  journal = {Combinatorial Optimization},
  volume  = {14},
  pages   = {1-69},
  year    = {2003}
}

@article{Fedorenko1962A,
  title   = {A relaxation method for solving elliptic difference equations â˜†},
  author  = {Fedorenko, R. P.},
  journal = {Ussr Computational Mathematics and Mathematical Physics},
  volume  = {1},
  number  = {4},
  pages   = {1092-1096},
  year    = {1962}
}