@software{MathSymbolsinLaTeXbypolossk,
  title     = {Math Symbols in {{\LaTeX}}},
  author    = {Shangkun Shen},
  year      = {2017},
  month     = {10},
  publisher = {Zenodo},
  doi       = {10.5281/zenodo.4120375},
  url       = {https://doi.org/10.5281/zenodo.4120375}
}