@article{Francfort1998revisiting,
  title   = {Revisiting brittle fracture as an energy minimization problem},
  journal = {Journal of the Mechanics and Physics of Solids},
  volume  = {46},
  number  = {8},
  pages   = {1319--1342},
  year    = {1998},
  doi     = {10.1016/S0022-5096(98)00034-9},
  author  = {Francfort, Gilles A and Marigo, Jean Jacques}
}

@article{bourdin2000numerical,
  title   = {Numerical experiments in revisited brittle fracture},
  journal = {Journal of the Mechanics and Physics of Solids},
  volume  = {48},
  number  = {4},
  pages   = {797--826},
  year    = {2000},
  doi     = {10.1016/S0022-5096(99)00028-9},
  author  = {Bourdin, Blaise and Francfort, Gilles A and Marigo, Jean Jacques}
}

@software{MathSymbolsinLaTeXbypolossk,
  title     = {Math Symbols in {{\LaTeX}}},
  author    = {Shangkun Shen},
  year      = {2017},
  month     = {10},
  publisher = {Zenodo},
  doi       = {10.5281/zenodo.4120375},
  url       = {https://doi.org/10.5281/zenodo.4120375}
}