%------------------------------------------------------------------------------%
% part 1: porous material
%------------------------------------------------------------------------------%
@book{coussy1995mechanics,
  title     = {Mechanics of porous continua},
  author    = {Coussy, Olivier},
  year      = {1995},
  publisher = {Wiley}
}

@article{shen2021peridynamic,
  title     = {Peridynamic modeling with energy-based surface correction for fracture simulation of random porous materials},
  author    = {Shen, Shangkun and Yang, Zihao and Han, Fei and Cui, Junzhi and Zhang, Jieqiong},
  journal   = {Theor. Appl. Fract. Mech.},
  volume    = {114},
  pages     = {102987},
  year      = {2021},
  publisher = {Elsevier}
}
%------------------------------------------------------------------------------%
% part 2: other subject
%------------------------------------------------------------------------------%
